@article{re1,
author = {   S Mendis, S Davis, B Norrving},
year = {2014},
pages = {},
title = {Global status report on noncommunicable diseases, Switzerland World Health Organization},
volume = {2},
place = {},
organization = {  },
doi = { pp.9-16. },
}
@article{re2,
author = {S. Mendis, P. Puska, B. Norrving.,},
year = {2011},
pages = {},
title = {Global Atlas on cardiovascular disease prevention and control},
volume = {},
organization = {World Health Organization in collaboration with the World Heart Federation and the World Stroke Organization},
doi = {,pp.3-18.},
}
@article{re3,
author = {A. Lin, Z.Li and X.Yang,},
year = {2020},
pages = {},
title = {"A Network of Simultaneous Segmentation and Registration for Right Ventricle MRI,},
volume = {},
place = { Seoul,  Korea  (South)},
organization = {IEEE   International Conference on Bioinformatics and   Biomedicine (BIBM)},
doi = {pp.  657-662, DOI: 10.1109/BIBM49941.2020.9313411.},
}
@article{re4,
author = { R.  B.  Stacey,  &  W.  G.  Hundley, },
year = {2013},
pages = {},
title = {The  Role of Cardiovascular  Magnetic  Resonance  (CMR)  and Computed  Tomography  (CCT)  in facilitating heart failure management.  Current treatment options in cardiovascular medicine},
volume = {},
organization = {},
doi = {15(4) 373-386},
}
@article{re5,
author = { E. V. Gelfand, S. Hughes, T. H. Hauser, S. B. Yeon, L.   Goepfert,   K.   V.   Kissinger,   W.   J. },
year = {},
pages = {},
title = {Manning, Severity of mitral and aortic },
volume = {},
organization = {},
}
@article{re6,
author = {Petitjean C, Zuluaga MA, Bai W, Dacher JN, Grosgeorge D, Caudron J, et al.},
year = {2015},
pages = {},
title = {Right ventricle segmentation from cardiac MRI: a collation study. Med Image Anal.},
volume = {},
organization = {},
doi = {19:187-202,doi: 10.1016/j.media.2014.10.004 },
}
@article{re7,
author = {Peng P, Lekadir K, Gooya A, Shao L, Petersen SE, Frangi AF.},
year = {2016},
pages = {},
title = {A review of heart chamber segmentation for structural and functional analysis using cardiac magnetic resonance imaging.},
volume = {},
organization = {Magn Reson Mater Phys Biol Med.},
doi = {29:155-95. doi:10.1007/s10334-015-0521-4},
}
@article{re8,
author = {Tavakoli V, Amini AA.},
year = {2013},
pages = {},
title = {A survey of shaped-based registration and segmentation techniques for cardiac images},
volume = {},
organization = {Comput Vis Image Understand},
doi = {117:966-89. doi: 10.1016/j.cviu.2012.11.017 },
}
@article{re9,
author = {Lesage D, Angelini ED, Bloch I, Funka-Lea G.},
year = {2009},
pages = {},
title = {A review of 3D vessel lumen segmentation techniques: models, features and extraction schemes.},
volume = {},
organization = {Med Image Anal.},
doi = {13:819-45. doi: 10.1016/j.media.2009.07.011},
}
@article{re10,
author = { Chen Chen1 *, Chen Qin1 , Huaqi Qiu1 , Giacomo Tarroni 1,2, Jinming Duan3 , Wenjia Bai 4,5 and Daniel Rueckert 1},
year = {},
pages = {},
title = {Deep Learning for Cardiac Image Segmentation: A Review},
volume = {},
organization = {},
doi = {},
}
@article{re11,
author = {Gupta, A., et al. },
year = {1993},
pages = {},
title = {"Cardiac MR image segmentation using deformable models." Computers in Cardiology 1993, Proceedings.. IEEE, 1993},
volume = {},
organization = {IEEE},
doi = {},
}
@article{re12,
author = {Zotti, Zhiming Luo, Alain Lalande, and Pierre-Marc Jodoin},
year = {},
pages = {},
title = {Convolutional Neural Network with Shape Prior Applied to Cardiac MRI Segmentation Clement },
volume = {},
organization = {},
doi = {},
}
@article{re13,
author = {W. Xue, A. Islam, M. Bhaduri, and S. Li,},
year = {2017},
pages = {},
title = {“Direct multitype cardiac indices estimation via joint representation and regression learning,”},
volume = {36},
organization = {IEEE Transactions on Medical Imaging,},
doi = {10, pp. 2057-2067,},
}
@article{re14,
author = {W. Xue, G. Brahm, S. Pandey, S. Leung, and S. Li,},
year = {2018},
pages = {},
title = {“Full left ventricle quantification via deep multitask relationships learning,” },
volume = {43},
organization = { Medical image analysis,},
doi ={ pp. 54-65},
}
@article{re15,
author = {M. Khened et al., },
year = {2017},
pages = {},
title = {“Densely connected fully convolutional network for short-axis cardiac cine MR image segmentation and heart diagnosis using random forest,”},
volume = {},
organization = {in Proc. STACOM-MICCAI},
doi = {},
}
@article{re16,
author = { Jafari MH, Girgis H, Liao Z, Behnami D, Abdi A, Vaseli H, et al.},
year = {2018},
pages = {},
title = {A unified framework integrating recurrent fully-convolutional networks and optical flow for segmentation of the left ventricle in echocardiography data. In: Deep Learning in Medical Image Analysis and Multimodal Learning for Clinical Decision Support.},
volume = {},
organization = {Springer International Publishing},
doi = {},
}
@article{re17,
author = {},
year = {(accessed September 1, 2019).},
pages = {},
title = { A generative adversarial model for right ventricle segmentation.},
volume = {},
organization = {arxiv (2018) },
doi = {abs/1810.03969. Available online at: http://arxiv.org/abs/1810.03969 },
}
@article{re18,
author = { Xu Z, Wu Z, Feng J.},
year = { (accessed September 1, 2019).},
pages = {},
title = {CFUN: combining faster R-CNN and U-net network for efficient whole heart segmentation.},
volume = {},
organization = { arxiv (2018) },
doi = {abs/1812.04914. Available online at: http://arxiv.org/abs/1812.04914},
}
@article{re19,
author = { Int J Comput Assist Radiol Surg. Savioli N, Vieira MS, Lamata P, Montana G.},
year = {2019},
pages = {},
title = {Automatic biplane left ventricular ejection fraction estimation with mobile point-of-care ultrasound using multi-task learning and adversarial training},
volume = {},
organization = {},
doi = {},
}